@inproceedings{VBB-imp,
  title={On the (im) possibility of obfuscating programs},
  author={Barak, Boaz and Goldreich, Oded and Impagliazzo, Rusell and Rudich, Steven and Sahai, Amit and Vadhan, Salil and Yang, Ke},
  booktitle={Advances in cryptologyâ€”CRYPTO 2001},
  pages={1--18},
  year={2001},
  organization={Springer}
}


@inproceedings{garg2013candidate,
	title={Candidate indistinguishability obfuscation and functional encryption for all circuits},
	author={Garg, Shelly and Gentry, Craig and Halevi, Shai and Raykova, Mariana and Sahai, Anant and Waters, Brent},
	booktitle={Foundations of Computer Science (FOCS), 2013 IEEE 54th Annual Symposium on},
	pages={40--49},
	year={2013},
	organization={IEEE}
}

@inproceedings{garg2013candidatemulti,
	title={Candidate Multilinear Maps from Ideal Lattices.},
	author={Garg, Sanjam and Gentry, Craig and Halevi, Shai},
	booktitle={Eurocrypt},
	volume={7881},
	pages={1--17},
	year={2013},
	organization={Springer}
}
